<collection xmlns="http://www.loc.gov/MARC21/slim">
<record>
  <leader>00373na 0a22001091i 450 </leader>
  <controlfield tag="001">IT\ICCU\CNCE\059817</controlfield>
  <controlfield tag="005">20041216000000.0</controlfield>
  <datafield tag="100" ind1=" " ind2=" ">
    <subfield code="a">20041216             0itac0103    ba</subfield>
  </datafield>
  <datafield tag="101" ind1=" " ind2=" ">
    <subfield code="a">LAT</subfield>
  </datafield>
  <datafield tag="200" ind1="1" ind2=" ">
    <subfield code="a">Pro Theophrasto, atque Alexandro Aphrodisiensi, de vero tempore ortus atque occasus Orionis, apologia</subfield>
  </datafield>
  <datafield tag="700" ind1=" " ind2="1">
    <subfield code="a">Bonaventura,</subfield>
    <subfield code="b">Federico</subfield>
    <subfield code="3">IT\ICCU\CNCA\001844</subfield>
  </datafield>
  <datafield tag="801" ind1=" " ind2="3">
    <subfield code="a">IT</subfield>
    <subfield code="b">ICCU</subfield>
    <subfield code="c">20201115</subfield>
  </datafield>
</record>
</collection>
